<?xml version="1.0" encoding="UTF-8"?><collection xmlns="http://www.loc.gov/MARC21/slim"><record><leader>00510nam--2200157-i-4500</leader><controlfield tag="001">000023847</controlfield><controlfield tag="002">20161230</controlfield><controlfield tag="005">20161230201035</controlfield><controlfield tag="008">060222s1000------------r-----000-0-eng-d</controlfield><datafield ind1=" " ind2=" " tag="080"><subfield code="a">550.34(4)</subfield></datafield><datafield ind1=" " ind2=" " tag="100"><subfield code="a">Giese, P./S.A.</subfield></datafield><datafield ind1=" " ind2=" " tag="245"><subfield code="a">Expolsion seismology in central europe.data and results</subfield></datafield><datafield ind1=" " ind2=" " tag="260"><subfield code="a">Berlin, Springer-verlag, 1976. Viii+429p.With 284 Figures And 3 Maps</subfield></datafield><datafield ind1=" " ind2=" " tag="490"><subfield code="a">Crustal And Upper Mantle Structure In Europe.Monograph No.1</subfield></datafield><datafield ind1=" " ind2=" " tag="700"><subfield code="a">Giese, P., Prodehl, C., Stein, A</subfield></datafield><datafield ind1=" " ind2=" " tag="852"><subfield code="a">46878</subfield></datafield></record></collection>